@INPROCEEDINGS{,
author={},
title={},
booktitle={},
pages={},
year={}}

@INPROCEEDINGS{Nagarajan_etal_2015,
filename={07139989.pdf}
author={Umashankar Nagarajan and Gabriel Aguirre-Ollinger and Ambarish Goswami},
title={Integral Admittance Shaping for Exoskeleton Contro},
booktitle={IEEE International Conference on Robotics and Automation (ICRA)},
pages={5641--8},
year={2015}}

@INPROCEEDINGS{shaft_foot_placement,
author={Urata, J. and Nishiwaki, K. and Nakanishi, Y. and Okada, K. and Kagami, S. and Inaba, M.},
booktitle={Humanoid Robots (Humanoids), 2011 11th IEEE-RAS International Conference on},
title={Online decision of foot placement using singular LQ preview regulation},
year={2011},
month={Oct},
pages={13-18},
keywords={humanoid robots;legged locomotion;nonlinear systems;optimisation;pendulums;predictive control;fast trajectory generation method;foot placement;inverted pendulum model;legged robots;online decision method;singular LQ preview regulation;Foot;Force;Joints;Legged locomotion;Optimization;Trajectory},
doi={10.1109/Humanoids.2011.6100894},
ISSN={2164-0572},}

@INPROCEEDINGS{shaft_push_recov,
author={Urata, J. and Nshiwaki, K. and Nakanishi, Y. and Okada, K. and Kagami, S. and Inaba, M.},
booktitle={Intelligent Robots and Systems (IROS), 2012 IEEE/RSJ International Conference on},
title={Online walking pattern generation for push recovery and minimum delay to commanded change of direction and speed},
year={2012},
month={Oct},
pages={3411-3416},
keywords={delays;legged locomotion;path planning;robot dynamics;trajectory control;ZMP;ZMP-CoM;center-of-mass;direction change command;minimum delay;nondivergence conditions;online walking pattern generation methods;online walking trajectory generation method;push recovery;speed change command;walking biped robot;zero moment point;Delay;Force;Force measurement;Legged locomotion;Limiting;Trajectory},
doi={10.1109/IROS.2012.6385840},
ISSN={2153-0858},}
