%%%%%%%%%%%%%%%%%%%%%%%%%%%
%%%%%%%%%% BLEEX %%%%%%%%%%
%%%%%%%%%%%%%%%%%%%%%%%%%%%

@article{bleex_design_2006,
  title={Biomechanical design of the {B}erkeley lower extremity exoskeleton {(BLEEX)}},
  author={Zoss, Adam B and Kazerooni, Hami and Chu, Andrew},
  journal={IEEE/ASME Transactions on Mechatronics},
  volume={11},
  number={2},
  pages={128--138},
  year={2006},
  publisher={IEEE}
}



%%%%%%%%%%%%%%%%%%%%%%%%%%%
%%%%%%%%%%%%%%%%%%%%%%%%%%%