%% This BibTeX bibliography file was created using BibDesk.
%% http://bibdesk.sourceforge.net/


%% Created for Matthew Travers at 2015-09-29 15:03:54 -0400 


%% Saved with string encoding Unicode (UTF-8) 



@inproceedings{body_design_2011,
	Author = {S. Marcheschi and F. Salsedo and M. Fontana and M. Bergamasco},
	Booktitle = {Proc. IEEE Int. Conf. Robotics Automation},
	Organization = {IEEE},
	Pages = {611--616},
	Title = {Body Extender: Whole body exoskeleton for human power augmentation},
	Year = 2011}

@inproceedings{body_control_2012,
	Author = {G.P. Rosati Papini and C.A. Avizzano},
	Booktitle = {The 21st IEEE International Symposium on Robot and Human Interactive Communication},
	Organization = {IEEE},
	Pages = {138--143},
	Title = {Transparent Force Control for Body Extender},
	Year = 2012}