%% This BibTeX bibliography file was created using BibDesk.
%% http://bibdesk.sourceforge.net/


%% Created for Matthew Travers at 2015-09-29 13:24:12 -0400 


%% Saved with string encoding Unicode (UTF-8) 



@inproceedings{dual_mode_2015,
	Author = {Hongchul Kim and Changhoon Seo and Young June Shin and Jung Kim and Youn Sik Kang,},
	Booktitle = {IEEE International Conference on Advanced Intelligent Mechatronics},
	Date-Modified = {2015-09-29 17:24:11 +0000},
	Pages = {577--582},
	Publisher = {IEEE},
	Title = {Locomotion Control Strategy of Hydraulic Lower Extremity Exoskeleton Robot},
	Year = {2015}}
