@article{EXOul7design2007,
  title={Upper-limb powered exoskeleton design},
  author={Perry, Joel C and Rosen, Jacob and Burns, Stephen},
  journal={IEEE/ASME Transactions on Mechatronics},
  volume={12},
  number={4},
  pages={408--417},
  year={2007},
  publisher={IEEE}
}

@inproceedings{EXOul7pidAdmit2011,
  title={PID admittance control for an upper limb exoskeleton},
  author={Yu, Wen and Rosen, Jacob and Li, Xiaoou},
  booktitle={American Control Conference},
  pages={1124--1129},
  year={2011},
  organization={IEEE}
}