@incollection{HALassist2011,
  title={{HAL:} Hybrid assistive limb based on cybernics},
  author={Sankai, Yoshiyuki},
  booktitle={Robotics Research},
  pages={25--34},
  year=2011,
  publisher={Springer}
}

@inproceedings{HALmodelControlKnee2010,
  title={Voluntary motion support control of Robot Suit HAL triggered by bioelectrical signal for hemiplegia},
  author={Kawamoto, Hiroaki and Taal, Stefan and Niniss, Hafid and Hayashi, Tomohiro and Kamibayashi, Kiyotaka and Eguchi, Kiyoshi and Sankai, Yoshiyuki},
  booktitle={International Conference of the IEEE Engineering in Medicine and Biology Society (EMBC)},
  pages={462--466},
  year={2010},
  organization={IEEE}
}

@inproceedings{HALvTorqueImp2002,
  title={Power assist control for walking aid with HAL-3 based on EMG and impedance adjustment around knee joint},
  author={Lee, Suwoong and Sankai, Yoshiyuki},
  booktitle={IEEE/RSJ International Conference on Intelligent Robots and Systems},
  volume={2},
  pages={1499--1504},
  year={2002},
  organization={IEEE}
}

@inproceedings{HALmuscleImped2005,
  title={Control method of robot suit {HAL} working as operator's muscle using biological and dynamical information},
  author={Hayashi, Tomohiro and Kawamoto, Hiroaki and Sankai, Yoshiyuki},
  booktitle={IEEE/RSJ International Conference on Intelligent Robots and Systems},
  pages={3063--3068},
  year={2005},
  organization={IEEE}
}

@article{HALpowerAssist2005,
  title={Power assist method based on phase sequence and muscle force condition for {HAL}},
  author={Kawamoto, Hiroaki and Sankai, Yoshiyuki},
  journal={Advanced Robotics},
  volume={19},
  number={7},
  pages={717--734},
  year={2005},
  publisher={Taylor \& Francis}
}