%% This BibTeX bibliography file was created using BibDesk.
%% http://bibdesk.sourceforge.net/


%% Created for Matthew Travers at 2015-09-29 13:37:57 -0400 


%% Saved with string encoding Unicode (UTF-8) 



@inproceedings{ihmc_2009,
	Author = {ian Kai Kwa and Jerryll H. Noorden and Mathew Missel and Travis Craig and Jerry E. Pratt and Peter D. Neuhaus},
	Booktitle = {IEEE International Conference on Robotics and Automation},
	Date-Modified = {2015-09-29 17:37:57 +0000},
	Publisher = {IEEE},
	Title = {Development of the IHMC Mobility Assist Exoskeleton},
	Year = {2009}}
