%% This BibTeX bibliography file was created using BibDesk.
%% http://bibdesk.sourceforge.net/


%% Created for Matthew Travers at 2015-09-29 13:45:07 -0400 


%% Saved with string encoding Unicode (UTF-8) 



@inproceedings{mit_design_2006,
	Author = {Conor James Walsh and Daniel Paluska and Kenneth Pasch and William Grand and Andrew Valiente and Hugh Herr,},
	Booktitle = {Proceedings of the 2006 IEEE International Conference on Robotics and Automation},
	Date-Modified = {2015-09-29 17:44:22 +0000},
	Pages = {3485-3491},
	Publisher = {IEEE},
	Title = {Development of a lightweight, underactuated exoskeleton for load-carrying augmentation},
	Year = {2006}}

@inproceedings{mit_control_2006,
	Author = {Conor James Walsh and Kenneth Pasch and Hugh Herr},
	Booktitle = {International Conference on Intelligent Robots and Systems},
	Date-Modified = {2015-09-29 17:45:06 +0000},
	Organization = {IEEE},
	Pages = {1410--1415},
	Title = {An autonomous, underactuated exoskeleton for load- carrying augmentation},
	Year = {2006}}
