%% This BibTeX bibliography file was created using BibDesk.
%% http://bibdesk.sourceforge.net/


%% Created for Matthew Travers at 2015-09-29 14:18:57 -0400 


%% Saved with string encoding Unicode (UTF-8) 



@inproceedings{robo_knee_2004,
	Author = {Jerry E. Pratt and Benjamin T. Krupp and Christopher J. Morse and Steven Collins},
	Booktitle = {International Conference on Robotics and Automation},
	Date-Modified = {2015-09-29 18:18:39 +0000},
	Pages = {2430-2435},
	Publisher = {IEEE},
	Title = {The RoboKnee: An Exosskeleton for Enhancing Strength and Endurance During Walking},
	Year = {2004}}
