@inproceedings{xorDesign2011,
  title={XoR: Hybrid drive exoskeleton robot that can balance},
  author={Hyon, Sang-Ho and Morimoto, Jun and Matsubara, Takamitsu and Noda, Tomoyuki and Kawato, Mitsuo},
  booktitle={IEEE/RSJ International Conference on Intelligent Robots and Systems},
  pages={3975--3981},
  year={2011},
  organization={IEEE}
}

@inproceedings{XoRkinemExtraction2012,
  title={Extraction of latent kinematic relationships between human users and assistive robots},
  author={Morimoto, Jun and Noda, Tomoyuki and Hyon, Sang-Ho},
  booktitle={IEEE International Conference on Robotics and Automation},
  pages={3909--3915},
  year={2012},
  organization={IEEE}
}